<?xml version="1.0" encoding="UTF-8"?><collection xmlns="http://www.loc.gov/MARC21/slim"><record><leader>00403nam--2200145-i-4500</leader><controlfield tag="001">000037381</controlfield><controlfield tag="002">20161230</controlfield><controlfield tag="005">20161230201041</controlfield><controlfield tag="008">060222s1000------------r-----000-0-eng-d</controlfield><datafield ind1=" " ind2=" " tag="080"><subfield code="a">541</subfield></datafield><datafield ind1=" " ind2=" " tag="245"><subfield code="a">Progress in biophysics and molecular biology</subfield></datafield><datafield ind1=" " ind2=" " tag="260"><subfield code="a">Oxford, Pergamon Press, 1964</subfield></datafield><datafield ind1=" " ind2=" " tag="490"><subfield code="a">Progress In Biophysics And Biophysical Chemistry</subfield></datafield><datafield ind1=" " ind2=" " tag="700"><subfield code="a">J.A.V.Butler And D.Noble</subfield></datafield><datafield ind1=" " ind2=" " tag="852"><subfield code="a">10651</subfield></datafield></record></collection>